5180
-6985
-4125
5985
5681
3737
-9552
-1901
-4119
-9723
-8452
3891
6772
-452
9421
-757
-6796
7788
6996
-9111
-639
7058
-1656
339
-5536
-6634
-3049
-9489
183
-3719
-4739
8837
-4610
34
5100
-4940
2816
-7751
7769
-404
3403
-7602
-1687
-935
-1124
4856
-4551
-8788
-5827
8639
3310
-9137
-7870
-642
777
5167
-7121
-2190
1797
7829
3961
-2936
-163
-9415
-6700
1804
-8367
-8823
-5717
-3414
-5204
6872
4224
-9395
-9372
-5180
-4745
-3343
2204
6611
-1462
-5501
-8660
4541
-2627
1728
-3303
-5864
-3773
7143
-3188
-1824
677
7884
1010
-6647
-2343
-1025
4931
-8667
-6286
9863
4553
8254
2386
3089
6078
2873
7978
6147
7186
-4907
7417
-7858
9021
9073
-5295
8969
8725
6197
4016
-9126
4365
-8579
4348
-3155
-9999
3138
9210
-2220
-2890
-3524
-1274
1561
-2347
7309
-1996
9112
3814
-4980
8329
8370
5481
1134
2955
6546
-8754
7618
4219
-4566
4297
-7654
2099
3784
-777
-6179
7977
7983
-6853
6324
-713
8542
3963
-5597
-1901
8340
-7455
-4313
-5394
-1666
2130
-9983
2330
-3126
2077
4458
8214
-5204
-4008
7216
-5469
1945
-8079
-5866
2097
3834
-4723
-4319
-3568
-1251
-6046
-1376
649
-7281
4225
7242
-9339
-3382
557
-8389
2938
-8900
2678
7070
5796
-553
9474
-8360
-9741
7299
2701
6578
-7088
5013
-5692
2691
-6308
8840
-4125
5512
-2219
8441
5652
-9272
595
-9529
8995
1603
-9165
2295
3782
-8063
9244
6977
-5834
8651
-8585
9186
-7010
4726
-5088
7129
3823
-851
-9595
6950
9264
-5597
-7024
129
-8751
-2365
439
6537
-4698
8960
6872
-4655
-9287
-17
8671
-1206
-3184
8901
9929
9038
-3731
-6951
9980
-804
5344
1225
-9265
7745
9685
8745
-341
-7746
6032
-6542
-727
-4636
-1860
-5615
-5323
-9756
-6759
-807
6555
2147
-3670
-70
2210
9333
-6451
-1332
7960
-9040
-5278
-6421
1671
1762
-3775
348
-6258
-4767
-5474
-715
-2467
5295
-7104
-5736
4490
-1018
-1978
7445
-535
-6891
466
-4501
3045
8043
5673
-3401
2206
4253
-2156
2110
-3587
-1657
-4486
-3101
-2464
-4674
-3450
-4215
1268
-8415
-2219
8804
2663
-1842
7017
-897
-6055
-5691
3741
2736
-400
940
826
4435
-9183
2390
-6468
2382
7746
4645
-9970
-3766
-5367
2377
-4640
-8598
-6697
2604
4878
-9954
-1467
7307
1836
-6754
-6852
5101
-9230
4973
-1410
4529
-5814
-8986
-6801
3196
5827
8232
-4002
-5260
5781
2345
2317
5883
-4835
-7416
-2213
-7358
6578
-708
8183
5484
-8427
-3037
8675
-3293
44
-5411
1527
6410
-5970
-4066
1076
4639
-7065
-4595
-1632
7873
829
-2672
7449
-1931
-3715
6975
3600
-7778
3330
4474
3357
6124
-5063
-1024
3973
4227
3490
8963
385
3150
5919
2246
-1811
9442
-2202
9011
8970
-4668
-9652
1359
-53
-5905
5758
3608
-5579
-236
2423
-6199
-2677
-5958
-9321
-3343
512
6460
324
533
1961
-812
-2251
-5427
-4503
4236
-6929
-6799
5315
-6969
3857
-4453
2776
3810
-9305
6709
4663
-7350
-3390
-6768
-4208
2433
58
-4016
3330
4288
937
8480
-5780
-3871
-8675
5358
-3751
1868
-5428
2142
-3226
7571
-8727
-1133
-6296
5723
9154
-4094
1048
-1431
7385
-7162
1395
5904
-3924
-3765
2201
-6006
5871
6774
2649
3686
5610
1768
3097
1737
-5855
9220
2989
3381
-1965
5846
-4821
6095
1836
-1618
-3198
-8758
4479
-5951
-3269
7285
8352
-2595
-9981
-4302
8402
-5445
-6376
1311
4509
868
4258
9184
-5681
5071
1291
5080
6489
-9406
-2579
8770
7391
8592
1780
-9295
-1522
8090
-9800
3004
7790
6553
6398
3672
-1974
-4
-5597
7306
12
-7051
7080
-1072
-3218
3343
5220
5240
7250
7049
-8980
-725
4474
5615
2590
8175
-4026
9838
2862
-5554
6298
8454
3010
-8351
-4709
-2778
-5744
-6294
-7727
5889
6937
4429
8716
9341
-6447
-749
-5287
-9552
-6435
-9319
-6465
-33
6042
228
-9252
-5654
-4502
9632
5552
4232
9672
7790
7293
-3419
-6654
-7621
-6555
522
-2533
-6598
9158
447
1847
-2175
7396
2131
-8755
2129
9195
-4072
1251
-3148
-8699
6472
-3519
-8237
-1395
-7969
-9959
-3346
-2468
-4871
6263
5611
-3630
-9042
-3710
-4268
-4306
8245
9170
1800
-4349
6361
792
-1027
-646
-9217
4607
-6065
-7252
-806
9149
-9459
465
3570
1750
183
3855
8706
292
-1579
-1909
5917
-4200
-1742
9679
-7283
8224
5762
1470
-2955
4715
-1882
8910
3217
1540
-1895
-6440
-9488
1435
7735
-9273
-8480
2815
-3829
565
3696
-6591
8706
-8787
3171
-8886
-6376
-7058
-6559
2337
-7435
112
-3603
-1147
-3272
9458
3314
-8613
3158
-5555
-3329
6975
9110
8799
6942
-8228
-3995
5834
1502
6498
5805
-6936
-1809
5008
-9790
-1042
-9972
-3565
-3753
3357
5639
-1759
8857
1825
4532
-7716
4938
1295
386
2563
-8583
-3127
-1647
7695
-9302
-3809
5588
-3169
467
7465
-7477
-6680
-5825
6257
-2046
780
-2551
2113
118
-6850
2144
1448
-6517
433
5558
-4666
-4732
-7234
3253
9774
-8505
-9707
-3583
2328
2320
-5325
7210
3951
7227
-4104
-4794
-9885
-8165
2046
-2455
9316
-2595
-1135
4129
-1264
-7816
9776
-7872
-4359
-3439
-4076
-6742
2174
9531
-8095
-4414
3352
-2282
-398
3539
-2146
4825
6320
-7533
6131
-4119
4747
9949
-3268
-8947
-524
5906
-6926
-3615
-2433
2
-6143
6035
9319
6507
6522
8640
6926
7696
-3871
-7473
-5737
-3413
2757
3889
-2337
5396
7436
1493
7469
-3763
21
-5053
-1368
-2126
5918
-4839
6915
8000
-7621
9745
-4765
-5219
-7208
-305
4220
-5232
-2444
-5916
4615
-2374
-7135
-4418
-4822
4922
533
-223
981
2857
1947
9357
-4414
5011
-5301
-2823
8740
9415
-4016
-5212
-4538
-5403
4137
6112
9952
8201
6931
8625
-6088
-1096
3696
-4821
5207
-3838
-4323
-7007
632
1366
3199
1209
-2152
5929
292
2921
-3427
7908
-1890
-5922
-7050
4484
-9558
7700
4423
1390
7738
728
2482
1700
-5973
-8836
-5968
-3394
-9416
-2448
-38
9822
-9869
-7981
1684
-5005
-452
9487
-1384
-6063
-4125
-5241
1266
-3511
-5450
-7997
4369
4784
-203
3936
8368
-3116
-625
-3680
8679
-4110
4189
3242
8403
4911
7461
5585
-9944
9608
-2320
8630
723
1849
-3685
-9005
1585
3460
-2007
4803
2843
-4024
5906
5820
3085
-833
-875
-6965
6440
-9216
9640
-5467
6763
-4336
7319
5902
-1
-3114
-9883
-7523
2423
2676
-3831
-8164
-1710
-2021
756
-2361
4860
8926
-3890
3076
4690
6278
-8278
6991
-9568
-7631
2354
1280
-7997
242
3963
-7237
5486
-8979
-4236
-9522
9854
-294
-7826
2684
-1153
-911
-7658
6599
7450
-3568
7149
-1564
-8760
9737
-9982
-425
-4860
-2774
-8306
-595
-9026
2357
-8357
240
-226
-3531
-1140
-6541
6561
-5804
7366
3565
8593
-6377
-2099
-2133
4055
-5143
-3572
-9834
-9832
2725
2360
-986
-4217
9748
1187
6086
-8969
3421
9515
-2863
3566
8778
8322
-1320
9894
4356
9785
-1914
3518
-1921
-2060
3312
-4393
2432
1701
-4922
-6549
9046
3490
7012
7769
-9272
3718
5627
-6404
-8435
-4097
-8743
9686
-2472
-858
163
-6821
4276
1928
5301
-9434
-6773
-523
7776
4206
-5161
3762
5031
-3181
6160
1830
-3203
3464
-6665
7805
-6660
-8333
-4152
-1205
2596
-9231
3836
4459
7462
7849
4977
-4462
-1229
-822
9951
-6948
-1490
479
5642
-2870
-478
4214
8471
-8845
1326
2990
3738
5268
3236
8748
-59
-535
-6094
-5677
5114
3840
-1424
5705
-5829
6900
-9145
8417
9821
703
-1636
-784
-6754
465
-8349
6918
7699
401
9884
-1476
7501
-9967
181
8030
1543
-7613
8881
9599
-5768
2326
9216
-9787
3620
3374
-9569
-9203
-9775
8815
-1525
437
5976
-6402
-2714
-4717
-4703
-9143
371
9917
7639
-1519
-6352
3509
-2754
2053
-3177
-8801
-9578
3746
2234
-9013
-8727
5735
7731
-6190
4654
3895
-9309
-5898
3078
3192
-310
7835
2948
3311
-399
-7331
1224
1197
8792
-2277
2432
7276
5261
-7758
3238
3103
6316
2781
8304
122
3056
-6224
9988
1102
-8112
-3582
-2433
4957
977
-5859
6939
-4878
-4488
3653
6802
-6608
1979
2604
-1742
3158
6756
-4819
-6200
104
7173
8933
-6733
9408
-1681
-3507
-812
-4421
-2508
-1840
2594
6164
-1968
-9884
-2212
-4511
-8964
8471
-6009
-2389
7552
2788
8429
2550
7801
2349
-1646
4238
-5071
8559
7489
9384
5327
2223
-2344
3754
3574
7023
-263
8095
848
-5386
2395
-6228
8894
-4785
-8
-6742
-1613
-8802
-1895
-7640
-1563
1726
6652
9097
2600
8028
1226
8050
-4147
5234
-3352
-8571
4472
3795
5160
-2515
-4617
5040
2590
-4647
7297
884
-2820
-2604
5031
-7689
4081
355
2191
863
1185
-7924
2740
-5061
-3730
-9406
-3690
-8785
-8983
-2519
6311
7798
-3995
-4099
-9929
-1074
-6197
5342
-6611
5345
4901
-5882
-9816
-3732
-2795
-8062
3678
5686
-2235
-2900
7449
2554
6880
-2723
-6649
7636
-8390
-4148
-4500
1248
9516
2097
4468
-5957
-3665
8180
-3579
-7210
-3588
-2256
-3797
-6057
4697
1412
-9396
4019
-7193
1785
-4276
5970
-2463
8555
8386
9829
-6981
-7985
1768
3680
-6711
6881
-9241
971
8030
-6120
-2393
4985
-1076
-7019
9759
-6127
4029
473
-6846
9529
3341
-1292
3818
4290
7224
-8023
-8579
2058
-4159
7093
2398
719
-316
5781
7973
5802
9914
572
392
7614
7956
3000
-3003
9620
1781
-2409
5668
6087
-8124
-3875
-4803
-3221
-9158
-9039
-780
3401
7800
-8323
-6223
-5912
-8652
4504
-1791
-4807
-7346
5451
5452
7038
-6915
-5847
2079
4124
8742
-3918
-3199
-2464
1032
5137
2016
793
-5546
-5671
-9450
4921
-4943
8328
8000
2316
-3727
4464
4919
6788
655
-3415
3793
-4113
-8776
5322
-4310
-4725
4166
-1413
-1299
-6647
6345
9577
8872
-4272
-4998
-2448
9602
-212
409
131
-4412
-3331
4136
8878
-6901
-1713
-8656
9834
2668
-4141
782
-6135
-619
4905
9491
-6300
-1845
1583
4176
-2
-629
-4488
-7361
-7496
4374
-9549
2867
-8501
2467
4756
8132
-9517
-9420
-1193
699
-2928
-4434
-6214
1673
-2915
2310
5144
-7511
1306
-4258
9462
-6906
-905
-2943
8374
-6820
-4216
7770
9918
-9547
3075
587
2777
5384
-2148
-2027
-4370
7753
-6807
-8946
-7785
-8160
1110
35
9143
8275
-5880
-2333
9920
3717
-8059
-5072
2722
-2089
5309
7279
1599
-2162
8863
-8970
-5594
701
-9539
744
-7556
9765
-6070
2050
-3655
-622
-6175
7651
147
4827
-1184
-5978
-3242
1921
968
-6062
-9183
6606
-2649
7537
4872
-6467
-6297
-1394
-6827
-6061
-8005
9652
9485
3941
-4455
-2965
-7252
312
-2062
3235
-582
-9109
-3476
9449
-6751
4212
3354
-8884
-6498
-830
-8837
8518
7717
5556
-2887
120
-2661
8194
634
-4754
-166
-1864
-2532
-3440
-7251
4575
1729
-1507
-6282
2222
1689
-2374
5077
-575
2319
-8674
8725
-8866
4427
4940
47
-605
-1198
-9867
-6145
4432
4227
-8326
-9231
-3254
-213
-1080
-3567
8156
2851
-1053
1697
8792
-2686
9106
5216
4313
-5427
-4951
-1734
-2485
7046
-6764
9018
-7113
-8265
7713
-5931
-7930
-8105
-4179
-7209
2807
-923
3164
-2453
3839
3963
-6628
1171
2200
-6743
-8607
8272
-365
9402
-4578
-8212
-7890
-1587
-7659
-4982
-3569
-9786
-1471
-7135
961
-1413
5661
5193
-19
9030
622
438
4145
-7000
688
-2065
-6085
-7563
-3905
1414
-9168
-4874
-858
7112
-3801
-1646
8479
-6102
-3127
1780
5873
-2047
772
679
-2821
1686
9004
-4371
-7077
2854
-2946
-5853
-2664
9393
3263
-4842
-7983
-4826
8292
-5228
5459
5091
7221
6220
-3584
-6811
-5599
7280
-8176
8709
-7217
-5664
-3343
-3714
2811
-7127
2369
5060
8997
-2639
2195
7147
8701
117
-9259
5191
2043
-3890
7886
2361
-8533
-7385
3028
-3038
1242
2983
-7807
-4126
9234
-2762
-3282
-1745
3711
-7624
7119
7836
-5783
-3740
-7884
-1342
1927
-3653
8055
-6394
-3137
4870
1829
360
-5170
7490
283
-6863
-5336
-1902
-1278
4060
9710
8316
-9511
-8528
-3925
5542
3405
813
-4847
-1566
-4521
-3762
3507
9786
-7123
-4498
-28
1143
6295
1525
-9251
-7740
4376
92
-634
-4527
-5759
-8035
-8694
9031
2562
-5496
-640
-9992
2896
423
-6478
2815
-5416
1070
-7040
-2371
2213
-1468
-4200
4387
9296
1451
6398
3671
8700
-4520
3744
1269
9172
8479
8495
5854
-4077
-5660
-4879
7829
-326
-3295
-147
-6275
9768
-9495
1319
3618
389
-5652
8337
8821
6411
2327
6979
-8685
8003
6998
8633
6573
5877
-1324
2970
-8944
-3752
-5271
-4616
3863
5297
-348
3891
9484
4556
1752
6325
-5537
-7302
6632
5412
9039
-301
-5519
8835
-8780
-4014
-8901
-3549
-3487
-6089
-6099
-6572
-1469
-5932
6816
-4392
5088
-4378
-2060
-3633
-8163
-1297
199
-8021
2661
8912
-2143
8363
-3610
-7427
6126
2165
95
-7085
-9944
4662
-2728
-2952
-7802
5244
5308
-1639
-8012
-1397
-7961
7543
9326
8555
6146
-332
160
-7836
303
-4730
3310
462
5367
-5772
3234
3289
-8530
-2216
141
7567
1889
5153
7789
4709
-9286
4410
-6585
-4446
-6720
9205
-8605
-3237
3172
-5905
8845
7843
-4253
-7975
167
2895
-2335
6425
3158
-4599
6805
4015
1105
2050
5267
4552
-6785
-4527
-410
6757
478
-3022
-5247
183
-8037
-99
-8852
182
7310
8146
-129
6934
5957
7672
-8673
-1285
-7589
-1264
-6445
-1685
-9927
-5117
7222
9567
-3135
3348
6150
-1897
-8202
6253
7438
7067
7742
1763
7228
-3650
-8993
9148
7788
6047
1735
-8697
-7731
-8070
-6619
-3465
628
3511
4709
7446
-5276
-7563
-8944
5446
-10
-3358
6987
-3925
-2049
7205
9527
-8474
-1406
7773
6232
6293
2703
-8945
1419
-4142
-9143
9836
-6749
-780
7531
9184
-2088
3912
-8073
-9483
8229
3369
8077
-5571
-8384
340
-9167
535
-8765
-7692
-2487
5373
-7054
-2232
4151
8135
-8838
6993
5375
3609
3224
-3418
4631
-513
8616
6291
4087
5485
1391
374
5235
3241
-1773
319
8588
-7016
7245
-4983
3404
2853
-5583
-9133
7461
3284
-148
-9742
-3355
6921
-7114
5264
-2669
3591
-8333
-1105
-7996
-9553
2309
1438
7039
9984
7791
-2505
1092
6211
-1939
2510
9594
8809
-8037
-3547
-694
7162
-5866
-9041
7503
-8008
1767
9267
-2765
-4524
-4604
6598
6522
5513
778
-6368
5113
3819
-5253
6202
1216
3635
1851
-1354
4237
7850
298
1642
-8183
1409
72
3937
-3465
-4006
-5330
-944
-5270
7334
-4024
1045
-9863
-200
2333
4755
3015
-1988
-3551
-1726
-999
9095
6986
4119
593
2757
5833
-2007
1248
91
2905
-6393
6350
-434
5417
-9779
2605
-4019
-1850
-6603
-7774
-3134
2399
-8018
3523
8049
1779
-5313
2173
4952
3646
-157
-8132
-2458
-924
7157
629
8849
-1422
-3699
-438
-3081
8279
-5626
9163
8040
-6099
-9175
4633
-7119
-1824
-9909
-17
9340
5054
-9693
-9648
-9302
7146
6638
-6038
338
5716
7061
4349
-5745
-2948
-839
4872
-8439
-9055
8552
-3159
-5802
8127
-1893
7541
-5731
-5040
1752
-9009
957
-3411
-9391
7617
9797
-8471
8744
9614
9322
-8589
-9562
-4372
3444
8057
3294
-4445
1609
4656
-6170
-3891
-9451
-9168
-8775
1885
2841
-9503
9110
-2716
-6872
7309
8218
-1642
7
6354
251
-9205
8188
-4958
6135
4755
-1299
-497
4522
8465
7727
8607
9449
-2172
-2206
2567
-2793
-544
-9805
-3853
-586
-663
4158
6542
-6992
-9418
-615
7833
3726
8875
-1062
3061
1256
-3116
-9808
-9346
-8043
-6821
7829
7763
-6313
2254
1341
-2130
2290
-9423
-4496
610
-1488
-9161
3725
6682
-6304
-9841
201
-4900
-3163
7088
9078
-3324
1148
4180
-6742
-2470
-3423
-6848
4824
-1540
630
-9997
8663
160
9048
-183
9978
-8728
9671
-2663
7155
999
-9202
-3089
-8417
8545
-8670
-9290
3103
9270
7593
3215
-559
518
-8740
-6435
-6985
315
559
7084
6085
8705
1494
-4531
-9989
5690
2415
6429
7734
1606
-963
5681
-3587
4139
-4613
5560
-64
1214
-4879
441
9246
3330
7528
4798
-4423
6207
-5590
-3941
339
-7121
-1401
1675
-1105
-7961
3647
2987
5521
2832
-6465
9035
-2303
-6183
857
-2107
316
-3810
4969
6956
-6609
5878
2393
2252
-4904
-1956
9551
6328
76
-7194
-3692
4910
6039
9405
-1068
1433
7377
2844
-233
8833
-9211
3001
2202
-5757
-1965
-2429
-3412
-3269
3664
-8305
8016
-9341
-8003
-5488
-3743
-2402
1759
9767
-5575
-9704
900
-6917
-3224
1183
-3818
8118
-1258
-4633
-6605
-987
-4342
-6453
-2186
7727
3287
5325
-3836
45
3340
8095
-1224
2183
8827
157
1668
-9328
9623
5105
2223
5063
-7835
-3390
8725
5108
3034
-6698
944
-514
6698
9702
-496
-2895
1116
-1570
-3403
4177
-7677
33
-912
-61
5599
1846
-5327
6940
-9544
45
-5228
8919
-7481
1313
-3223
-2954
3966
7793
-6161
-427
7463
1236
-8340
3014
-8239
-6795
2706
-5103
3460
5442
6431
3564
-410
7835
-5612
-2498
5840
-2119
7662
6978
-741
-4094
-3923
7438
-5034
1835
1239
-7998
-928
2733
-4020
-4138
-4260
-7711
-7160
6218
-5013
4996
3058
4688
-2291
709
6814
-3237
-4287
-7606
-5116
3795
2072
7764
2843
2131
9537
8760
3760
-3052
-6851
-9009
-6818
-5445
-787
1098
-2302
9416
-4707
4350
1110
1287
5703
-7497
4742
-5769
-3305
3085
-7996
6958
-1302
-2675
4581
-1273
1864
649
-8130
9393
3293
-300
3801
-4894
1234
7253
-8452
4098
-2375
-9821
-8549
-8095
-2189
1024
-6792
7241
-2719
-7109
-934
-7816
-6986
-9245
2365
-5558
203
-7127
5752
-6128
-2620
-3053
4187
7911
8680
4229
-7323
-1664
4165
-1679
6799
-9924
8152
9156
-5322
-8904
8114
-8846
8230
2860
-230
-4719
-7676
-7642
9016
1235
3644
9356
7094
-3090
8348
8122
3750
4008
4942
-9654
-9131
-5547
-563
1223
9474
6717
8257
-3890
9169
-3185
-7923
-7874
-817
2592
4490
8600
7399
8727
-2834
4599
2594
-8177
-748
8152
-7401
3517
9647
-8171
5276
1834
-8574
-6540
-7563
3958
8187
-9707
-2297
9342
9942
-9508
3252
-5112
301
8692
1140
3429
-1950
-6462
9781
-9029
-2347
3252
-9779
1111
-6342
-9922
819
234
-268
-6053
2647
4730
4993
8416
6939
7609
1065
5716
566
-5152
-6595
-1120
-74
1119
-9379
-3775
-1783
682
-514
-5573
3388
2204
3628
2934
-6882
-9068
6671
-4423
-3125
4676
3456
-7129
5704
8543
7075
-8499
1366
-8712
-1887
-5569
9219
2352
221
-1147
8093
1765
9522
-7644
-5734
482
7505
-4223
-2511
431
-4546
5962
9376
1811
-9431
9562
-2263
-7471
-8763
6000
1243
-6841
-538
640
4183
-7800
7823
7087
7530
1567
-1777
9562
-6176
-2949
838
-6469
5871
6272
4958
-2343
4708
669
5817
-7321
-8230
-2506
7739
7591
5067
9615
-3767
-3140
1794
9791
-7303
5307
-306
6925
7171
-4048
4735
1955
-2009
-7466
9
2237
5517
-7163
6283
5570
-4052
5342
1505
-2155
4045
3250
40
5107
-8746
-1050
-6405
6195
-3430
205
8240
-9796
-7144
-9744
-7636
2216
-5908
-8136
5926
-2875
-7366
-7575
-277
9321
-2998
-9810
7437
1779
-1400
1054
-1008
9915
-8188
3004
6944
9354
-8113
-9500
4876
1886
5088
4774
2733
7434
-3857
3133
-3302
2310
-4858
-5703
5263
-5593
4758
-5603
-9680
-329
-2125
-62
332
9640
-5550
4490
7543
5033
9960
7338
-9436
9520
6405
-3916
-3525
462
9842
-5500
-69
7643
-565
-1057
-7975
2705
9497
-1567
-8233
-374
-7231
972
9514
8853
6207
3296
-2470
2416
9712
-8173
-8815
-1143
1667
4981
8317
-2683
4230
586
254
-3503
9692
-6487
-8455
5492
9769
1136
-5143
-423
-5987
-3467
8829
-2541
3873
-8495
3743
5842
-6613
-224
-7273
4085
4892
5724
8400
8888
7852
-8147
2124
3532
-2000
8466
4214
7141
-6539
-2663
5713
3642
-1785
8457
1489
-6938
-9710
5149
-4304
4753
8056
-4490
-7738
-5034
590
4892
9356
-5579
1444
-6838
-7065
-2569
8282
9081
-8642
-7250
3311
5528
-4993
8303
4386
-5254
6238
-1097
-6321
-8260
-461
9754
-8045
4042
6738
3672
-6861
-9646
-7180
-8031
4135
3953
-4319
-4008
8601
7982
2619
-6583
5965
-2419
3072
-563
9373
4116
3711
-4641
-4801
-7283
-4558
8447
-3173
2368
3653
521
6103
-7867
-1510
993
5692
-2829
-2968
2163
-737
-5062
7838
5850
2092
-2682
893
-8432
8672
2391
4368
-6742
-6058
9187
9670
8883
-5053
111
-8844
2259
2098
-7853
-7450
1358
-6972
-5668
-7310
-5901
-4890
-6766
-7054
5564
-2925
2747
6248
-8101
2792
753
4287
4867
-5042
1665
-7416
9368
-8105
-9567
1343
-2220
2700
5615
3652
7354
-4751
-4721
1048
-7336
-7264
-5062
-960
8660
2388
-3017
-2411
-5575
6025
7630
-1519
8545
437
6819
-8564
1932
4503
-9393
1378
8577
1419
7635
2605
6666
6475
-2536
-3460
7328
1451
-9846
122
1365
9340
-6223
-2643
6156
2894
1556
-4213
1239
-3805
8787
-8170
797
7553
9634
-4746
-325
-2711
-9680
1733
-7945
2202
582
-3036
4203
-4105
-4280
-4771
8825
-1649
-343
5014
-4577
-9966
-5629
-182
-7130
-3906
6254
-2592
828
-1614
-757
-4060
3294
-9983
-5231
7692
-4470
6014
1921
-142
4742
-8827
9666
-531
6887
-8264
4845
1424
-9240
-8933
3682
7331
-9884
-1163
5611
-6101
-4611
-124
1881
2566
-5964
-7808
-3696
-3020
1534
7428
8777
-4432
-7893
8929
-7222
5252
-9050
-8766
1699
-6349
8891
4049
-3208
-6582
7940
1737
-8267
-6823
-6349
6042
-3436
5653
-9623
-4362
1898
255
-6427
-5122
9401
-2981
1544
-5183
-8039
657
-4093
-1165
1570
2482
2419
-9871
818
-1487
-7823
199
-9459
1872
-8455
-2553
-8066
-5085
2347
-1190
-5517
-3233
-3609
-480
8846
-914
7213
5253
1020
1939
-5402
-8064
-9452
8497
-9452
9653
942
6068
8341
-2775
1002
-4256
-546
154
4516
2966
-4737
5780
-4732
-656
2905
-5049
5352
5282
8171
-3009
-9172
1633
4578
-6796
2005
-4900
9535
760
4924
-7071
-8357
8813
3274
9143
8590
6667
2955
4507
8910
-7049
-872
-8670
158
8076
2210
-7241
266
9050
-1445
-3133
584
5912
669
-8451
7519
-7619
-5399
-7623
549
6509
2013
7724
5992
1308
-5140
9372
-9123
7262
-5410
6273
1148
6987
-4525
1510
7076
-8423
-9673
9697
5514
-1801
-8182
2361
-5169
-7746
-299
9513
-9351
4330
5950
-9790
9075
-6733
7565
-5985
4775
8183
5730
-3724
7800
-2765
3551
2343
6159
-4471
4848
6429
-9377
-3108
8326
-4636
5739
-3751
4499
7171
-872
9542
8255
7126
7964
6678
-7288
7575
9652
9102
-6500
9024
257
-7185
-7007
5169
-5919
-3213
5565
-466
-1919
5360
5141
-1435
6088
7284
-7364
-6546
-3635
-8846
-8466
8477
6328
-5546
-9425
-934
-2865
9899
1308
1675
3071
1829
3025
-6728
6800
-6301
6225
-1827
8566
9945
-1791
-287
-8575
-7526
5377
7020
-3722
956
-658
7925
241
-4390
-360
7129
-7268
2024
9864
-8589
4059
737
-4428
4830
3377
3835
-817
1772
-8210
847
-1080
8885
-5561
-533
-3109
4529
-8925
-701
7726
7621
3184
-1566
5253
-7171
2335
3342
-6413
584
-7021
-677
-9618
-8286
1517
1748
3796
-4359
-609
-6294
769
8072
4857
7449
-5887
-6176
2024
9614
8898
-9815
-4894
6136
8378
6346
-3527
8334
-379
266
-8396
5995
3340
175
-2526
-1417
-3978
-8607
-9852
2415
-5281
150
-6389
2254
669
-8728
-259
-5396
8542
440
4362
-7230
-4332
-6558
-2445
9166
-7822
-591
5755
-9933
8951
-8750
-4805
-1892
5543
2549
732
-5048
-5725
5603
-3021
-7498
3416
6343
-9560
8085
-8132
3181
-4970
9783
-3833
2327
6781
4907
879
-9532
911
-909
-1340
1388
-8747
-186
-3396
3955
5726
-3877
-2362
68
7397
-3338
-2209
6442
1934
-1081
-7720
3245
3871
4380
6830
-5839
8638
-5486
-8802
-9035
-8177
-7042
8022
-8718
1856
9828
-7881
4958
-9437
7009
-6443
-649
2812
-3561
2031
4233
4735
7213
-2559
7637
2521
-27
-8676
3901
-7175
6824
2566
9496
6801
-3198
1280
-8264
-4287
8113
-7818
-6608
3481
-9680
1445
7305
-3005
5525
3057
-9897
1164
-2758
-1777
912
-3228
-3898
1815
8383
6695
-7485
7969
-9204
-6069
-1875
9104
-8557
1412
-6574
3759
-754
-1543
-9820
484
-7397
-1922
5695
5699
-2066
4509
-2890
9727
-267
1609
888
-3401
9104
8863
-9227
4141
1138
3330
4897
-6681
9597
-6181
-6543
-1274
2040
-4261
-6632
3789
9561
-9540
993
-9214
209
-5303
-9741
387
-2959
-7347
7412
5306
8990
2842
7484
6360
-1039
3563
70
-141
-80
3491
6083
5364
-6358
-6125
-6807
-7288
-6320
5480
8362
3300
4610
4059
-7242
8047
-2218
-4022
9456
-1986
-3113
5364
9663
9673
-9224
-3805
7922
-4481
8051
1265
-8552
-3308
3724
-2391
7619
-8823
1238
-8984
822
-5548
-8890
1621
-5391
-4674
-9575
2435
-6228
9253
-2331
9262
6773
8703
5329
-9134
9207
7371
-1502
7076
-7026
4113
-980
-3411
2847
2487
9769
7312
-1765
1631
411
-5071
-4643
2036
-3006
-2402
5150
-9256
-5613
5607
3536
3470
6470
4146
-9599
6642
7566
1564
5387
182
7029
6952
5580
2478
9931
140
-9279
-795
-7256
144
-9757
7757
-3458
7570
2957
991
-5038
3996
-2797
-1765
-25
517
1785
-9121
7895
2965
7284
-4522
5295
-240
-7339
5519
-8682
7020
7768
6538
9741
-1406
7784
-6203
-907
2011
-9568
-9486
7512
1042
-1054
-9019
1392
-7370
-4226
-1309
920
-7180
4692
9443
7238
-3777
-3376
-8086
-4126
-1482
-9295
210
-9197
-1409
-5041
-3793
-3756
1941
1325
-1352
1814
8474
6860
-3443
-3510
-1346
9672
8092
-7725
6432
1725
-1436
9434
-7285
3481
-2186
-1895
4384
-1482
-3832
-6285
3154
-7763
-3082
7262
4039
-6623
-8554
6706
-1726
-1418
3600
8909
-1712
1685
5262
-6350
-9095
-2319
7491
9631
259
6206
-2785
5110
-7462
-437
806
-4810
-9281
1539
7751
-4240
-1774
-933
2483
6135
2770
2850
-478
4837
1516
-124
-4193
-6363
8022
-3314
769
-2754
-5534
4783
1905
-8598
2736
4280
-4095
-1246
6456
-4849
454
-1040
6949
-4409
-9405
-1227
1173
9149
-1268
1286
8485
9174
-2881
6098
4875
1855
-9053
-2539
7561
4390
-8418
9654
6362
7460
2338
4144
-9129
-4932
2576
9526
5870
-1190
-2584
-1643
288
2661
-7319
3992
9887
3808
-2752
205
-4966
160
-2829
5513
4429
8805
-3054
-581
1014
7480
-2584
5984
-119
9756
-9296
-2147
3445
6515
-6807
5617
3764
406
2424
-4502
9912
-9649
1975
-587
-9528
-8244
-6650
5215
-6923
8975
-5393
1425
1328
-5294
-9930
7166
-1232
-6978
7072
2610
804
-7851
7490
-9972
-2271
-4681
-7093
-1716
-8212
-4744
1557
349
4839
6375
5753
5902
5876
7566
-2479
3650
5627
2647
-3366
-1491
-8848
-9824
-8795
-5988
-4221
5530
6804
1187
-3948
-6146
-4461
-4489
-514
7971
6940
493
7394
-7710
-7648
2185
-2525
9293
9772
-9080
-1098
4206
-8265
-2409
-5572
-5059
-6430
-5310
8463
-7982
6722
-216
-7115
7601
-2004
246
3605
-4297
-9782
-2097
9875
5795
1499
3598
-3124
-4379
-1710
-3086
-349
-6768
5372
7914
8408
5430
8070
4827
8816
-879
-7169
8383
-3098
-3529
-9609
4667
7485
-5400
-302
-751
-1217
-1795
-890
7254
-8552
9094
-7577
-3214
-527
-2841
-5682
8472
600
2419
-5489
3700
6005
1867
445
9085
5056
-3784
-3972
9257
-5401
-2935
3616
-8051
6434
-5458
7809
-3814
8185
9080
-1718
-53
-7823
-7619
5283
4393
-2890
781
4557
7604
-4757
-5209
1833
-6569
1885
-8296
8323
1739
6297
-839
-9529
-728
6418
-2506
-4716
8577
-8110
-187
-3294
6636
4674
1007
9339
6563
-8973
8247
2916
6816
4780
-783
-4378
8348
6858
-6209
-9923
-4098
-3858
9885
-9994
-9061
-9877
3231
-1167
-347
-8687
9598
-6129
8913
-3638
5897
-6201
-134
3559
-282
-1489
-1440
-9538
3143
-97
3704
-6155
-9783
-8501
4557
-8677
8918
2591
6951
-7948
6886
2441
-8205
-9508
3564
-9329
5083
2632
-1457
-8551
5564
4761
3943
-4834
1296
584
2120
-868
6078
-5992
6436
-837
8354
4784
1317
-3193
-535
-7758
637
9209
-8339
-5581
-498
1287
4933
-770
2704
2413
-292
-1902
-5411
6844
8613
6618
296
-8234
7855
3590
-9349
209
-9358
4291
6013
-391
-4087
-9852
6024
1528
-4516
-1136
-8891
3919
4730
8967
-6105
5449
-453
5159
5997
8691
-3961
9765
-2960
3936
834
-5306
-8451
6577
8162
2001
4057
-9225
89
-9464
7781
6628
-9204
5408
9483
-1303
-5564
7518
7988
1092
6540
9159
-3232
-6224
-6759
1754
2765
-4910
-4396
3847
3343
-2075
-8755
2785
-3582
-8972
-9782
-3926
4842
-6645
-2956
-1653
-1685
6556
9244
2678
7080
-2901
825
-8178
9679
9092
-2020
-2578
-28
5637
-5069
9662
-4819
-8406
8368
-6570
3115
3787
-4568
-7474
-7835
4085
2492
-9697
5127
-4386
424
-2385
-5780
3529
-5661
8598
-9594
-4440
-2616
58
8220
222
7919
-6955
-5018
2456
4975
-5160
-1571
319
-878
644
3283
4204
-5380
-5065
4026
-1662
-8633
1544
1799
-2502
8921
-3442
5912
746
-7128
-4360
-5109
9643
811
-7916
-1552
8511
3379
2097
-5319
3465
-9817
4376
-1594
-6720
-6568
9436
-6450
-9249
-896
4820
-5373
7164
8510
6709
-4050
-8583
-3158
843
-4087
-9601
-5173
-8626
6488
-1019
4273
5281
3673
7368
-2047
-712
3045
3211
3832
-7768
-5811
5440
4650
255
5779
-3487
7543
8468
3622
-1702
6029
-8085
-3123
-2987
-2091
-1566
-5955
1614
-5572
1510
2086
2127
-343
718
-4409
5992
7309
9581
-4461
-2258
9874
-6077
8925
9018
4117
5632
-5710
7662
-8193
9601
7244
5847
-2174
-6988
-5784
-4148
2852
3967
-4688
7601
1109
422
-6575
-5820
-9391
7128
2883
-7
9973
2718
44
-124
1832
82
8465
-3447
9493
-8579
-6062
9579
-6737
-874
2251
-8701
5597
414
2706
-1977
-9777
777
-1851
4282
1963
2260
-3122
8005
-3330
-7223
7609
900
7540
-148
965
2186
2769
5060
-4737
6909
9730
-3996
7448
4009
-4757
-4954
1738
-5306
6870
-2978
-5138
-2569
1566
-8251
7128
-5029
98
9161
-2553
-7663
4699
3028
-1341
-5582
-1662
-4240
-2748
1551
3074
2695
-7559
5154
4923
-4866
8619
9913
4942
-6055
-5277
6569
6162
9123
-9159
-1390
1419
-5799
3151
-4626
-28
-4102
9660
5966
-3642
-2321
6026
-7152
5743
-5337
-4187
-8625
-4994
-6226
-9880
7478
1067
1975
-5086
-465
9635
7036
-5353
6029
2998
-225
4624
1550
116
-1169
4006
8241
-1461
-8471
-2515
3175
-5290
6263
-7992
259
-1719
9877
-6812
-5121
6989
7012
-4964
-3426
-9273
5551
5323
-4038
1263
-6557
-4888
-4172
-8596
6962
-2225
-3678
-3803
9333
-3486
-1364
5563
7980
-5645
-7447
4680
6144
8005
-2018
1697
9504
6295
-1453
-157
9329
7339
6997
9520
-2652
-6908
1178
9746
-2108
6163
1392
-6574
2221
-7309
-8815
-7087
-2487
3046
531
-9663
1752
-5274
-5780
278
-7922
-7659
-4257
-3055
2711
-3107
9356
-2348
-1935
4846
-1558
1021
544
-2077
8647
5456
-4139
383
-8706
6638
5542
486
4993
9235
-5525
5905
169
779
-7767
-9114
3396
-6486
-7865
7557
-7704
4712
1555
-8723
1456
-1294
-3233
261
-3121
-5923
6254
3540
-2729
-4282
675
-8648
8336
-5802
2392
4747
-2368
-1334
-8054
-9993
-9671
5803
570
4656
1439
-5725
66
-6920
-4779
6138
9235
5857
4486
-1536
-8847
1015
-394
-6464
-3819
3907
-5991
4875
-1286
-4576
-3408
7316
-2409
-4192
236
2932
9194
8909
3090
-6708
-581
-4571
8408
-927
-9685
9466
856
-3394
6381
-5649
-181
5592
1226
-749
3809
1334
-2568
707
1107
7689
-688
3725
-8773
97
-3379
7824
4971
-6029
3883
3262
-8627
6951
-9205
-9520
-7806
-9167
-8163
5414
-2366
7088
6146
2202
-280
-4550
5239
4575
-6822
-3983
579
8395
5567
-6322
-3216
2680
-8193
-5189
6520
9261
-8907
8677
-1749
8923
8413
6968
-7761
-5067
973
9147
-4782
9795
-51
9047
5712
-922
9552
4683
3000
-613
-9288
-2794
-5279
-1786
-6303
-8302
-7862
-9349
-3115
1252
3129
2928
5526
-4106
6316
8611
-2971
2474
-5323
-2315
-7895
3821
1356
-7138
-5711
-4406
-7455
8066
4852
1899
3242
-7239
-1626
3050
4969
-818
-1902
-2533
-4272
3288
-6668
1059
7393
6110
6678
2648
3718
-4191
2936
-2847
-7579
-5740
-1946
7027
4490
9197
-2093
5369
-5800
8572
1278
1407
3651
-8515
-4506
-9072
9273
-6693
4259
-919
-5014
-9513
5084
3478
4081
132
-3719
-1038
-9103
-6448
2852
4242
-6991
6874
-2473
8610
7956
-5025
-426
-9449
2283
-1662
-7523
-7731
1233
-7982
7883
-9305
7581
-4411
5552
-6417
8242
1355
-5533
8590
7778
-936
5966
8119
2871
4282
9820
-7639
4670
3160
9178
-3582
2569
7834
-6572
-8916
2833
7750
7204
1225
679
-5072
5940
8453
1880
920
8089
772
-5993
997
547
5364
8848
-1844
8188
